<?xml version="1.0" encoding="UTF-8"?><collection xmlns="http://www.loc.gov/MARC21/slim"><record><leader>00420nam--2200169-i-4500</leader><controlfield tag="001">000047698</controlfield><controlfield tag="002">20161230</controlfield><controlfield tag="005">20170128193402</controlfield><controlfield tag="008">060222s1000------------r-----000-0-eng-d</controlfield><datafield ind1=" " ind2=" " tag="080"><subfield code="a">5:1</subfield></datafield><datafield ind1=" " ind2=" " tag="100"><subfield code="a">Wistar, Richard</subfield></datafield><datafield ind1=" " ind2=" " tag="245"><subfield code="a">Man and his physical universe</subfield></datafield><datafield ind1=" " ind2=" " tag="250"><subfield code="a">second edition</subfield></datafield><datafield ind1=" " ind2=" " tag="260"><subfield code="a">New York</subfield><subfield code="b">John Wiley &amp; Sons Iinc</subfield><subfield code="c">1963</subfield></datafield><datafield ind1=" " ind2=" " tag="300"><subfield code="a">XI + 376 p</subfield></datafield><datafield ind1=" " ind2=" " tag="852"><subfield code="a">18775</subfield></datafield><datafield ind1=" " ind2=" " tag="CAT"><subfield code="a">SYS</subfield><subfield code="c">20170128</subfield><subfield code="h">193402</subfield></datafield></record></collection>